@misc{gunt:2009,
  title        = {WP130 Verification of Stress Hypotheses Instruction Manual},
  author       = {GUNT~GmbH},
  location     = {Hamburg, DE},
  howpublished = {\url{https://www.gunt.de/images/datasheet/1531/WP-130-Verification-of-stress-hypotheses-gunt-1531-pdf_1_en-GB.pdf}},
  year         = {2009}
}